<?xml version="1.0" encoding="UTF-8"?><record xmlns="http://www.loc.gov/MARC21/slim" xmlns:cinclude="http://apache.org/cocoon/include/1.0" xmlns:zs="http://www.loc.gov/zing/srw/">
  <leader>00555cz  a2200145n  4500</leader>
  <controlfield tag="001">n  81073423 </controlfield>
  <controlfield tag="003">DLC</controlfield>
  <controlfield tag="005">20150610133328.0</controlfield>
  <controlfield tag="008">810722n| azannaab           |n aaa      </controlfield>
  <datafield tag="010" ind1=" " ind2=" ">
    <subfield code="a">n  81073423 </subfield>
  </datafield>
  <datafield tag="040" ind1=" " ind2=" ">
    <subfield code="a">DLC</subfield>
    <subfield code="b">eng</subfield>
    <subfield code="e">rda</subfield>
    <subfield code="c">DLC</subfield>
    <subfield code="d">DLC</subfield>
  </datafield>
  <datafield tag="046" ind1=" " ind2=" ">
    <subfield code="f">19440525</subfield>
  </datafield>
  <datafield tag="100" ind1="1" ind2=" ">
    <subfield code="a">Garlow, James L.</subfield>
  </datafield>
  <datafield tag="670" ind1=" " ind2=" ">
    <subfield code="a">His Partners in ministry, c1981:</subfield>
    <subfield code="b">t.p. (James L. Garlow) p. 9 (minister of lay development at Bethany First Church of the Nazarene, Okla. City area; Ph. D., Drew Univ.)</subfield>
  </datafield>
  <datafield tag="670" ind1=" " ind2=" ">
    <subfield code="a">The covenant, 1999:</subfield>
    <subfield code="b">CIP t.p. (James L. Garlow) data sheet ( b. May 25, 1944)</subfield>
  </datafield>
</record>